<?xml version="1.0" encoding="UTF-8"?><record xmlns="http://www.loc.gov/MARC21/slim" xmlns:cinclude="http://apache.org/cocoon/include/1.0" xmlns:zs="http://www.loc.gov/zing/srw/">
  <leader>01663nz  a2200229n  4500</leader>
  <controlfield tag="001">no2013028414</controlfield>
  <controlfield tag="003">DLC</controlfield>
  <controlfield tag="005">20130316100710.0</controlfield>
  <controlfield tag="008">130314n| azannaabn          |n aaa     c</controlfield>
  <datafield tag="010" ind1=" " ind2=" ">
    <subfield code="a">no2013028414</subfield>
  </datafield>
  <datafield tag="035" ind1=" " ind2=" ">
    <subfield code="a">(OCoLC)oca09427027</subfield>
  </datafield>
  <datafield tag="040" ind1=" " ind2=" ">
    <subfield code="a">ICrlF</subfield>
    <subfield code="b">eng</subfield>
    <subfield code="e">rda</subfield>
    <subfield code="c">ICrlF</subfield>
  </datafield>
  <datafield tag="100" ind1="1" ind2=" ">
    <subfield code="a">Laberje, Reji</subfield>
  </datafield>
  <datafield tag="370" ind1=" " ind2=" ">
    <subfield code="e">Wis.</subfield>
  </datafield>
  <datafield tag="372" ind1=" " ind2=" ">
    <subfield code="a">Children's literature</subfield>
    <subfield code="a">Television broadcasting</subfield>
    <subfield code="a">Linguistics</subfield>
    <subfield code="a">Teaching</subfield>
  </datafield>
  <datafield tag="373" ind1=" " ind2=" ">
    <subfield code="a">United States Air Force</subfield>
  </datafield>
  <datafield tag="374" ind1=" " ind2=" ">
    <subfield code="a">Author</subfield>
    <subfield code="a">Speaker</subfield>
    <subfield code="a">Linguist</subfield>
    <subfield code="a">Teacher</subfield>
  </datafield>
  <datafield tag="375" ind1=" " ind2=" ">
    <subfield code="a">female</subfield>
  </datafield>
  <datafield tag="377" ind1=" " ind2=" ">
    <subfield code="a">eng</subfield>
    <subfield code="a">ara</subfield>
  </datafield>
  <datafield tag="670" ind1=" " ind2=" ">
    <subfield code="a">Vitale, Dick. Getting a W in the game of life [ER], c2012:</subfield>
    <subfield code="b">title frame (Dick Vitale with Reji Laberje) p. 248 (Reji Laberje is a writer and speaker ; she lives near Milwaukee, Wisconsin)</subfield>
  </datafield>
  <datafield tag="670" ind1=" " ind2=" ">
    <subfield code="a">Author's website, Feb. 27, 2013</subfield>
    <subfield code="b">(Reji Laberje writes juvenile fiction and has dabbled in playwriting, poetry, sports editorials, and Christian-inspired work for young children ; she worked in television in Chicago ; was an Arabic Linguist for the United States Air Force ; taught middle school outside of Washington, D.C. ; managed a bookstore in Southern Maryland ; has credits in International Communications and English from Community College of the Air Force, Defense Language Institute Foreign Language School, Howard Community College, University of Maryland University College, College of Southern Maryland, and UW Waukesha ; is part of the academic enrichment programming for Brookfield Academy)</subfield>
  </datafield>
  <datafield tag="678" ind1=" " ind2=" ">
    <subfield code="a">Children's author and speaker Reji Laberje has worked in television, as a middle school teacher, and as an Arabic Linguist for the United States Air Force.  She lives near Milwaukee, Wisconsin.</subfield>
  </datafield>
</record>